@PREAMBLE{
 "\providecommand{\noopsort}[1]{}" 
 # "\providecommand{\singleletter}[1]{#1}%" 
}

@article{Guarrera07,
  author  = {David Guarrera},
  title   = {A Brief Introduction to Supersymmetric Quantum Mechanics},
  year    = {2007},
  note    = {Class notes for 8.05 students, MIT}
}

@article{Casahorran98,
  author  = {J. Casahorr{\'a}n},
  title   = {Solving Simultaneously Dirac and Ricatti Equations},
  journal = {Journal of Nonlinear Mathematical Physics},
  volume  = {5},
  number  = {4},
  pages   = {371-382},
  year    = {1998},
  archivePrefix = {arXiv},
  eprint   = {math-ph/9810022v1},
  primaryClass = {math-ph}
}

@article{Qiu2024,
  author  = {Wenxin Qiu and Yin Yin and Wei Cheng and Yao Liu and Guang Luo},
  title   = {A Method of Constructing Superpotentials by Combining Two Functions Based on Shape Invariance},
  journal = {Advances in Mathematical Physics},
  volume  = {2024},
  article-id = {2327044},
  pages   = {1-12},
  year    = {2024},
  doi     = {10.1155/2024/2327044}
}

@article{EstradaDelgado2019,
  author    = {M. I. Estrada-Delgado and David J. Fern{\'a}ndez},
  title     = {Ladder operators for the BenDaniel-Duke Hamiltonians and their {SUSY} partners},
  journal   = {The European Physical Journal Plus},
  volume    = {134},
  number    = {7},
  pages     = {341},
  year      = {2019},
  doi       = {10.1140/epjp/i2019-12707-x},
  url       = {https://link.springer.com/article/10.1140/epjp/i2019-12707-x}
}

@article{FernandezPeriodic,
  author  = {D. J. Fern{\'a}ndez C.},
  title   = {Supersymmetric quantum mechanics and periodic potentials},
  journal = {Lecture Notes},
  volume  = {744},
  pages   = {236-273},
  year    = {2005}
}
